<?xml version="1.0" encoding="UTF-8"?><collection xmlns="http://www.loc.gov/MARC21/slim"><record><leader>00354nam--2200109-i-4500</leader><controlfield tag="001">000007442</controlfield><controlfield tag="002">20161230</controlfield><controlfield tag="005">20161230201027</controlfield><controlfield tag="008">060222s1000------------r-----000-0-eng-d</controlfield><datafield ind1=" " ind2=" " tag="245"><subfield code="a">Colloque sur les appareils a radioisotopes dans l industrie et en geophysique. resumes des memoires</subfield></datafield><datafield ind1=" " ind2=" " tag="260"><subfield code="a">Varsovie, Agence Intern.De L Energie Atom., 1965</subfield></datafield><datafield ind1=" " ind2=" " tag="490"><subfield code="a">Pag.Dif</subfield></datafield></record></collection>